@book{allen2015getting,
	title={Getting things done: The art of stress-free productivity},
	author={Allen, David},
	year={2015},
	publisher={Penguin}
}
@book{loehr2005power,
	title={The power of full engagement: Managing energy, not time, is the key to high performance and personal renewal},
	author={Loehr, Jim and Loehr, James E and Schwartz, Tony},
	year={2005},
	publisher={Simon and Schuster}
}
@book{pressman2005software,
	title={Software engineering: a practitioner's approach},
	author={Pressman, Roger S},
	year={2005},
	publisher={Palgrave Macmillan}
}
@book{cormen2009introduction,
	title={Introduction to algorithms},
	author={Cormen, Thomas H and Leiserson, Charles E and Rivest, Ronald L and Stein, Clifford},
	year={2009},
	publisher={MIT press}
}
@book{hollemans2017ios,
	title={iOS Apprentice Sixth Edition: Beginning iOS development with Swift 4},
	author={Hollemans, Matthijs and Farook, Fahim and others},
	year={2017},
	publisher={Razeware LLC}
}
@book{mcgonigal2011willpower,
	title={The willpower instinct: How self-control works, why it matters, and what you can do to get more of it},
	author={McGonigal, Kelly},
	year={2011},
	publisher={Penguin}
}
@book{apple2018swift,
	title={The Swift Programming Language(Swift 4.2)},
	author={Apple},
	year={2018},
	publisher={Apple}
}
@book{ios2017program,
	title={iOS编程 第5版},
	author={克里斯蒂安·科尔},
	year={2017},
	publisher={华中科技大学出版社}
}
@book{mu2015time,
	title={心理学与时间管理},
	author={穆臣刚},
	year={2015},
	publisher={中国法制出版社}
}
@book{allen2015getting,
	title={Getting things done: The art of stress-free productivity},
	author={Allen, David},
	year={2015},
	publisher={Penguin}
}
@book{loehr2005power,
	title={The power of full engagement: Managing energy, not time, is the key to high performance and personal renewal},
	author={Loehr, Jim and Loehr, James E and Schwartz, Tony},
	year={2005},
	publisher={Simon and Schuster}
}
@book{pressman2005software,
	title={Software engineering: a practitioner's approach},
	author={Pressman, Roger S},
	year={2005},
	publisher={Palgrave Macmillan}
}
@book{cormen2009introduction,
	title={Introduction to algorithms},
	author={Cormen, Thomas H and Leiserson, Charles E and Rivest, Ronald L and Stein, Clifford},
	year={2009},
	publisher={MIT press}
}
@book{hollemans2017ios,
	title={iOS Apprentice Sixth Edition: Beginning iOS development with Swift 4},
	author={Hollemans, Matthijs and Farook, Fahim and others},
	year={2017},
	publisher={Razeware LLC}
}
@book{mcgonigal2011willpower,
	title={The willpower instinct: How self-control works, why it matters, and what you can do to get more of it},
	author={McGonigal, Kelly},
	year={2011},
	publisher={Penguin}
}
@book{apple2018swift,
	title={The Swift Programming Language(Swift 4.2)},
	author={Apple},
	year={2018},
	publisher={Apple}
}
@book{ios2017program,
	title={iOS编程 第5版},
	author={克里斯蒂安·科尔},
	year={2017},
	publisher={华中科技大学出版社}
}
@book{mu2015time,
	title={心理学与时间管理},
	author={穆臣刚},
	year={2015},
	publisher={中国法制出版社}
}
@article{com2018core,
	title={Core Data by Tutorials: iOS 12 and Swift 4.},
	author={com Team, Raywenderlich and Douglas, Aaron and Mora, Saul and Morey, Matthew and Rea, Pietro},
	year={2018},
	publisher={Razeware LLC}
}
@book{wals2018mastering,
	title={Mastering iOS 12 Programming: Build professional-grade iOS applications with Swift and Xcode 10},
	author={Wals, Donny},
	year={2018},
	publisher={Packt Publishing Ltd}
}